@dataset{smap,
  author       = {O'Neill, P. E. and Chan, S. and Njoku, E. G. and Jackson, T. and Bindlish, R. and Chaubell, J. and Colliander, A.},
  year         = {2021},
  title        = {SMAP Enhanced L3 Radiometer Global and Polar Grid Daily 9 km EASE-Grid Soil Moisture, Version 6},
  howpublished = {NASA National Snow and Ice Data Center Distributed Active Archive Center},
  address      = {Boulder, Colorado USA},
  note         = {Subset: Baton Rouge, Louisiana, 2022--2024. Accessed 2025-09-27},
  doi          = {10.5067/M20OXIZHY3RJ},
  url          = {https://nsidc.org/data/SPL3SMP_E}
}

@dataset{imergdp,
  author       = {Huffman, G. J. and Bolvin, D. T. and Stocker, E. F. and Nelkin, E. J.},
  year         = {2023},
  title        = {GPM IMERG Final Precipitation L3 1 day 0.1 degree Ã— 0.1 degree V07 (GPM\_3IMERGDF)},
  howpublished = {NASA Goddard Earth Sciences Data and Information Services Center (GES DISC)},
  address      = {Greenbelt, Maryland, USA},
  note         = {Subset: Baton Rouge, Louisiana, 2022--2024. Accessed 2025-09-27},
  doi          = {10.5067/GPM/IMERGDF/DAY/07},
  url          = {https://data.nasa.gov/dataset/gpm-imerg-final-precipitation-l3-1-day-0-1-degree-x-0-1-degree-v07-gpm-3imergdf-at-ges-dis-13ed8}
}

@techreport{Fahs2025,
  title={Modeling Water, Heat, and Nitrate Dynamics in the VadoseZone: A Case Study of the Beauce Aquifer (Orleans, France)},
  author={Boujoudar, Mohamed and Abbar, Bouamama and Azaroual, Mohamed and Fahs, Marwan and Abbani, Ghina},
  year={2025},
  institution={Copernicus Meetings}
}